<?xml version="1.0" encoding="UTF-8"?>
  <record xmlns="http://www.loc.gov/MARC21/slim" type="Authority">
    <leader>00000nz  a2200000oc 4500</leader>
    <controlfield tag="001">1199571016</controlfield>
    <controlfield tag="003">DE-101</controlfield>
    <controlfield tag="005">20191114121700.0</controlfield>
    <controlfield tag="008">191114n||aznnnaabn           | aaa    |c</controlfield>
    <datafield tag="024" ind1="7" ind2=" ">
      <subfield code="a">1199571016</subfield>
      <subfield code="0">http://d-nb.info/gnd/1199571016</subfield>
      <subfield code="2">gnd</subfield>
    </datafield>
    <datafield tag="035" ind1=" " ind2=" ">
      <subfield code="a">(DE-101)1199571016</subfield>
    </datafield>
    <datafield tag="035" ind1=" " ind2=" ">
      <subfield code="a">(DE-588)1199571016</subfield>
    </datafield>
    <datafield tag="040" ind1=" " ind2=" ">
      <subfield code="a">DE-17</subfield>
      <subfield code="c">DE-17</subfield>
      <subfield code="9">r:DE-17</subfield>
      <subfield code="b">ger</subfield>
      <subfield code="d">0017</subfield>
      <subfield code="e">rda</subfield>
    </datafield>
    <datafield tag="042" ind1=" " ind2=" ">
      <subfield code="a">gnd3</subfield>
    </datafield>
    <datafield tag="043" ind1=" " ind2=" ">
      <subfield code="c">XA-DE</subfield>
    </datafield>
    <datafield tag="075" ind1=" " ind2=" ">
      <subfield code="b">p</subfield>
      <subfield code="2">gndgen</subfield>
    </datafield>
    <datafield tag="075" ind1=" " ind2=" ">
      <subfield code="b">piz</subfield>
      <subfield code="2">gndspec</subfield>
    </datafield>
    <datafield tag="079" ind1=" " ind2=" ">
      <subfield code="a">g</subfield>
      <subfield code="q">h</subfield>
    </datafield>
    <datafield tag="100" ind1="1" ind2=" ">
      <subfield code="a">Hohenstein, Friedrich Christian &#152;von&#156;</subfield>
      <subfield code="d">1725-1792</subfield>
    </datafield>
    <datafield tag="400" ind1="1" ind2=" ">
      <subfield code="a">Seiffart von Hohenstein, Friedrich Christian &#152;von&#156;</subfield>
      <subfield code="d">1725-1792</subfield>
    </datafield>
    <datafield tag="400" ind1="1" ind2=" ">
      <subfield code="a">Seiffart von Hohenstein und Pentzenau, Friedrich Christian &#152;von&#156;</subfield>
      <subfield code="d">1725-1792</subfield>
    </datafield>
    <datafield tag="548" ind1=" " ind2=" ">
      <subfield code="a">1725-1792</subfield>
      <subfield code="4">datl</subfield>
      <subfield code="4">https://d-nb.info/standards/elementset/gnd#dateOfBirthAndDeath</subfield>
      <subfield code="w">r</subfield>
      <subfield code="i">Lebensdaten</subfield>
    </datafield>
    <datafield tag="548" ind1=" " ind2=" ">
      <subfield code="a">07.10.1725-27.09.1792</subfield>
      <subfield code="4">datx</subfield>
      <subfield code="4">https://d-nb.info/standards/elementset/gnd#dateOfBirthAndDeath</subfield>
      <subfield code="w">r</subfield>
      <subfield code="i">Exakte Lebensdaten</subfield>
      <subfield code="9">v:Beerdigungsdatum</subfield>
    </datafield>
    <datafield tag="551" ind1=" " ind2=" ">
      <subfield code="0">(DE-101)040181189</subfield>
      <subfield code="0">(DE-588)4018118-2</subfield>
      <subfield code="0">https://d-nb.info/gnd/4018118-2</subfield>
      <subfield code="a">Frankfurt am Main</subfield>
      <subfield code="4">ortg</subfield>
      <subfield code="4">https://d-nb.info/standards/elementset/gnd#placeOfBirth</subfield>
      <subfield code="w">r</subfield>
      <subfield code="i">Geburtsort</subfield>
    </datafield>
    <datafield tag="551" ind1=" " ind2=" ">
      <subfield code="0">(DE-101)040181189</subfield>
      <subfield code="0">(DE-588)4018118-2</subfield>
      <subfield code="0">https://d-nb.info/gnd/4018118-2</subfield>
      <subfield code="a">Frankfurt am Main</subfield>
      <subfield code="4">orts</subfield>
      <subfield code="4">https://d-nb.info/standards/elementset/gnd#placeOfDeath</subfield>
      <subfield code="w">r</subfield>
      <subfield code="i">Sterbeort</subfield>
    </datafield>
    <datafield tag="551" ind1=" " ind2=" ">
      <subfield code="0">(DE-101)040181189</subfield>
      <subfield code="0">(DE-588)4018118-2</subfield>
      <subfield code="0">https://d-nb.info/gnd/4018118-2</subfield>
      <subfield code="a">Frankfurt am Main</subfield>
      <subfield code="4">ortw</subfield>
      <subfield code="4">https://d-nb.info/standards/elementset/gnd#placeOfActivity</subfield>
      <subfield code="w">r</subfield>
      <subfield code="i">Wirkungsort</subfield>
    </datafield>
    <datafield tag="551" ind1=" " ind2=" ">
      <subfield code="0">(DE-101)04001388X</subfield>
      <subfield code="0">(DE-588)4001388-1</subfield>
      <subfield code="0">https://d-nb.info/gnd/4001388-1</subfield>
      <subfield code="a">Altdorf b. Nürnberg</subfield>
      <subfield code="4">ortw</subfield>
      <subfield code="4">https://d-nb.info/standards/elementset/gnd#placeOfActivity</subfield>
      <subfield code="w">r</subfield>
      <subfield code="i">Wirkungsort</subfield>
    </datafield>
    <datafield tag="670" ind1=" " ind2=" ">
      <subfield code="a">Provenienzmerkmal</subfield>
      <subfield code="b">Exlibris</subfield>
    </datafield>
    <datafield tag="678" ind1=" " ind2=" ">
      <subfield code="b">Eltern: Carl Ludwig Seyffart von Hohenstein, Louise Maria von Stetten; 1744 Immatrikulation in Altdorf; Mitglied der Patriziergesellschaft Alten Limpurg; 1747 Aufnahme in die Ganerbschaft Alten-Limpurg (dank mütterlicher Abstammung von einer Limpurger Familie). Letzter der Familie von Hohenstein</subfield>
    </datafield>
  </record>
